@BOOK{DraBu,
  AUTHOR =       "Alfred V. Aho, Monica Lam, Ravi Sethi, Jeffrey D. Ullman",
  TITLE =        "Compiler Prinzipien, Techniken und Wetkzeuge (genannt: Das Drachenbuch)",
  PUBLISHER =    "Pearson",
  YEAR =         "2008",
}
