@MISC{Rot16,
  AUTHOR =       "Jörg Rothe",
  TITLE =       "{Theoretische Informatik: Formale Sprachen und Automaten, Berechenbarkeit und NP-Vollständigkeit}",
  YEAR =         "2016",
Howpublished = "\url{http://ccc.cs.uni-duesseldorf.de/~rothe/INFO4/main.pdf}"
}

@MASTERSTHESIS{Ruh16,
  AUTHOR =       "Fabian Ruhland",
  TITLE =        "{Eine Toolbox zur Simulation und Visualisierung von Automaten und Grammatiken}",
  SCHOOL =    	 "Heinrich-Heine Universiät Düsseldorf",
  YEAR =         "2016",
  TYPE = "Bachelorarbeit"
}

